<record><leader>00000cas a22000007a 4500</leader><controlfield tag="001">33944043</controlfield><controlfield tag="008">951219c19929999caucr ne      0   a0eng d</controlfield><datafield ind1=" " ind2=" " tag="010"><subfield code="a">sn 95062192 </subfield></datafield><datafield ind1=" " ind2=" " tag="040"><subfield code="a">CNK</subfield><subfield code="b">eng</subfield><subfield code="c">CNK</subfield><subfield code="d">NSD</subfield><subfield code="d">OCLCQ</subfield><subfield code="d">OCLCF</subfield><subfield code="d">OCLCO</subfield></datafield><datafield ind1=" " ind2=" " tag="012"><subfield code="m">1</subfield></datafield><datafield ind1="1" ind2=" " tag="022"><subfield code="a">1074-410X</subfield><subfield code="l">1074-410X</subfield><subfield code="2">1</subfield></datafield><datafield ind1="1" ind2=" " tag="029"><subfield code="a">AU@</subfield><subfield code="b">000025873734</subfield></datafield><datafield ind1=" " ind2=" " tag="032"><subfield code="a">151760</subfield><subfield code="b">USPS</subfield></datafield><datafield ind1=" " ind2=" " tag="042"><subfield code="a">msc</subfield><subfield code="a">nsdp</subfield></datafield><datafield ind1=" " ind2=" " tag="043"><subfield code="a">n-us-ca</subfield></datafield><datafield ind1="0" ind2=" " tag="130"><subfield code="a">Delano record (Delano, Calif. : 1992)</subfield></datafield><datafield ind1=" " ind2="0" tag="222"><subfield code="a">Delano record</subfield><subfield code="b">(1992)</subfield></datafield><datafield ind1="1" ind2="0" tag="245"><subfield code="a">Delano record.</subfield></datafield><datafield ind1=" " ind2=" " tag="260"><subfield code="a">Delano, Calif. :</subfield><subfield code="b">Reed Print Inc.</subfield></datafield><datafield ind1=" " ind2=" " tag="300"><subfield code="a">v.</subfield></datafield><datafield ind1=" " ind2=" " tag="310"><subfield code="a">Semiweekly</subfield></datafield><datafield ind1="1" ind2=" " tag="362"><subfield code="a">Began in 1992.</subfield></datafield><datafield ind1=" " ind2=" " tag="588"><subfield code="a">Description based on: Vol. 84, no. 2 (Jan. 7, 1992).</subfield></datafield><datafield ind1=" " ind2="0" tag="651"><subfield code="a">Kern County (Calif.)</subfield><subfield code="v">Newspapers.</subfield></datafield><datafield ind1=" " ind2="7" tag="655"><subfield code="a">Newspapers.</subfield><subfield code="2">fast</subfield><subfield code="0">(OCoLC)fst01423814</subfield></datafield><datafield ind1=" " ind2="7" tag="651"><subfield code="a">California</subfield><subfield code="z">Kern County.</subfield><subfield code="2">fast</subfield><subfield code="0">(OCoLC)fst01204038</subfield></datafield><datafield ind1=" " ind2=" " tag="752"><subfield code="a">United States</subfield><subfield code="b">California</subfield><subfield code="c">Kern</subfield><subfield code="d">Delano.</subfield></datafield><datafield ind1="0" ind2="0" tag="780"><subfield code="t">Record (Delano, Calif.)</subfield><subfield code="w">(DLC)sn 95061908</subfield></datafield></record>